<record><leader>00000cas a2200000 a 4500</leader><controlfield tag="001">28661877</controlfield><controlfield tag="008">930820d19371uuumiuwr n       0   a0eng c</controlfield><datafield ind1=" " ind2=" " tag="010"><subfield code="a">sn 93023757 </subfield></datafield><datafield ind1=" " ind2=" " tag="040"><subfield code="a">EYM</subfield><subfield code="b">eng</subfield><subfield code="c">EYM</subfield><subfield code="d">MHN</subfield><subfield code="d">OCL</subfield><subfield code="d">OCLCQ</subfield><subfield code="d">OCLCF</subfield><subfield code="d">OCLCO</subfield></datafield><datafield ind1=" " ind2=" " tag="012"><subfield code="i">9308</subfield></datafield><datafield ind1="1" ind2=" " tag="029"><subfield code="a">AU@</subfield><subfield code="b">000025847929</subfield></datafield><datafield ind1=" " ind2=" " tag="042"><subfield code="a">pcc</subfield></datafield><datafield ind1=" " ind2=" " tag="043"><subfield code="a">n-us-mi</subfield><subfield code="a">n-us---</subfield></datafield><datafield ind1=" " ind2=" " tag="090"><subfield code="a">HD6515.A82</subfield><subfield code="b">I56L364</subfield></datafield><datafield ind1="0" ind2="0" tag="245"><subfield code="a">Lansing auto worker.</subfield></datafield><datafield ind1=" " ind2=" " tag="260"><subfield code="a">Lansing, Mich. :</subfield><subfield code="b">Local 182-United Auto Workers</subfield></datafield><datafield ind1=" " ind2=" " tag="300"><subfield code="a">v. :</subfield><subfield code="b">ill.</subfield></datafield><datafield ind1=" " ind2=" " tag="310"><subfield code="a">Weekly</subfield></datafield><datafield ind1="0" ind2=" " tag="362"><subfield code="a">Vol. 1, no. 1 (Jan. 19, 1937)-</subfield></datafield><datafield ind1="2" ind2="0" tag="610"><subfield code="a">International Union, United Automobile Workers of America (CIO).</subfield><subfield code="b">Local 182 (Lansing, Mich.)</subfield><subfield code="v">Newspapers.</subfield></datafield><datafield ind1="2" ind2="0" tag="610"><subfield code="a">International Union, United Automobile Workers of America (CIO)</subfield><subfield code="v">Newspapers.</subfield></datafield><datafield ind1=" " ind2="0" tag="650"><subfield code="a">Automobile industry workers</subfield><subfield code="x">Labor unions</subfield><subfield code="z">Michigan</subfield><subfield code="v">Newspapers.</subfield></datafield><datafield ind1=" " ind2="0" tag="650"><subfield code="a">Automobile industry workers</subfield><subfield code="x">Labor unions</subfield><subfield code="z">United States</subfield><subfield code="v">Newspapers.</subfield></datafield><datafield ind1=" " ind2="0" tag="650"><subfield code="a">Labor unions</subfield><subfield code="z">United States</subfield><subfield code="v">Newspapers.</subfield></datafield><datafield ind1=" " ind2="0" tag="650"><subfield code="a">Labor</subfield><subfield code="z">United States</subfield><subfield code="v">Newspapers.</subfield></datafield><datafield ind1=" " ind2="0" tag="651"><subfield code="a">Lansing (Mich.)</subfield><subfield code="v">Newspapers.</subfield></datafield><datafield ind1=" " ind2="0" tag="651"><subfield code="a">Ingham County (Mich.)</subfield><subfield code="v">Newspapers.</subfield></datafield><datafield ind1=" " ind2="7" tag="655"><subfield code="a">Newspapers.</subfield><subfield code="2">fast</subfield><subfield code="0">(OCoLC)fst01423814</subfield></datafield><datafield ind1="2" ind2="7" tag="610"><subfield code="a">International Union, United Automobile Workers of America (CIO)</subfield><subfield code="2">fast</subfield><subfield code="0">(OCoLC)fst00545472</subfield></datafield><datafield ind1="2" ind2="7" tag="610"><subfield code="a">International Union, United Automobile Workers of America (CIO).</subfield><subfield code="b">Local 182 (Lansing, Mich.)</subfield><subfield code="2">fast</subfield><subfield code="0">(OCoLC)fst00689215</subfield></datafield><datafield ind1=" " ind2="7" tag="650"><subfield code="a">Automobile industry workers</subfield><subfield code="x">Labor unions.</subfield><subfield code="2">fast</subfield><subfield code="0">(OCoLC)fst00823052</subfield></datafield><datafield ind1=" " ind2="7" tag="650"><subfield code="a">Labor.</subfield><subfield code="2">fast</subfield><subfield code="0">(OCoLC)fst00989798</subfield></datafield><datafield ind1=" " ind2="7" tag="650"><subfield code="a">Labor unions.</subfield><subfield code="2">fast</subfield><subfield code="0">(OCoLC)fst00990260</subfield></datafield><datafield ind1=" " ind2="7" tag="651"><subfield code="a">Michigan.</subfield><subfield code="2">fast</subfield><subfield code="0">(OCoLC)fst01208387</subfield></datafield><datafield ind1=" " ind2="7" tag="651"><subfield code="a">Michigan</subfield><subfield code="z">Ingham County.</subfield><subfield code="2">fast</subfield><subfield code="0">(OCoLC)fst01209050</subfield></datafield><datafield ind1=" " ind2="7" tag="651"><subfield code="a">Michigan</subfield><subfield code="z">Lansing.</subfield><subfield code="2">fast</subfield><subfield code="0">(OCoLC)fst01208349</subfield></datafield><datafield ind1=" " ind2="7" tag="651"><subfield code="a">United States.</subfield><subfield code="2">fast</subfield><subfield code="0">(OCoLC)fst01204155</subfield></datafield><datafield ind1="2" ind2=" " tag="710"><subfield code="a">International Union, United Automobile Workers of America (CIO).</subfield><subfield code="b">Local 182 (Lansing, Mich.)</subfield></datafield><datafield ind1=" " ind2=" " tag="752"><subfield code="a">United States</subfield><subfield code="b">Michigan</subfield><subfield code="c">Ingham</subfield><subfield code="d">Lansing.</subfield></datafield><datafield ind1=" " ind2=" " tag="850"><subfield code="a">MiU</subfield></datafield></record>